<?xml version="1.0" encoding="UTF-8"?><record xmlns="http://www.loc.gov/MARC21/slim" xmlns:cinclude="http://apache.org/cocoon/include/1.0" xmlns:zs="http://www.loc.gov/zing/srw/">
  <leader>00639nz  a2200205n  4500</leader>
  <controlfield tag="001">no2011178015</controlfield>
  <controlfield tag="003">DLC</controlfield>
  <controlfield tag="005">20111118075248.0</controlfield>
  <controlfield tag="008">111116n| acannaabn          |b aaa     c</controlfield>
  <datafield tag="010" ind1=" " ind2=" ">
    <subfield code="a">no2011178015</subfield>
  </datafield>
  <datafield tag="035" ind1=" " ind2=" ">
    <subfield code="a">(OCoLC)oca09037199</subfield>
  </datafield>
  <datafield tag="040" ind1=" " ind2=" ">
    <subfield code="a">CU-HE</subfield>
    <subfield code="b">eng</subfield>
    <subfield code="c">CU-HE</subfield>
  </datafield>
  <datafield tag="100" ind1="1" ind2=" ">
    <subfield code="a">Gal Getz, Poriya</subfield>
  </datafield>
  <datafield tag="400" ind1="1" ind2=" ">
    <subfield code="a">Getz, Poriya Gal</subfield>
  </datafield>
  <datafield tag="400" ind1="1" ind2=" ">
    <subfield code="a">Gal Gets, Poriyah</subfield>
  </datafield>
  <datafield tag="400" ind1="1" ind2=" ">
    <subfield code="a">Gets, Poriyah Gal</subfield>
  </datafield>
  <datafield tag="400" ind1="1" ind2=" ">
    <subfield code="a">גל גץ, פוריה</subfield>
  </datafield>
  <datafield tag="400" ind1="1" ind2=" ">
    <subfield code="a">גץ, פוריה גל</subfield>
  </datafield>
  <datafield tag="667" ind1=" " ind2=" ">
    <subfield code="a">Non-Latin script references not evaluated.</subfield>
  </datafield>
  <datafield tag="670" ind1=" " ind2=" ">
    <subfield code="a">ha-Datlashim, 2011:</subfield>
    <subfield code="b">t.p. (פוריה גל גץ = Poriyah Gal Gets) t.p. verso (Poriya Gal Getz [in rom.])</subfield>
  </datafield>
</record>